@article{choudhary2023multi,
	title={Multi-input CNN based vibro-acoustic fusion for accurate fault diagnosis of induction motor},
	author={Choudhary, Anurag and Mishra, Rismaya Kumar and Fatima, Shahab and Panigrahi, BK},
	journal={Engineering Applications of Artificial Intelligence},
	volume={120},
	pages={105872},
	year={2023},
	publisher={Elsevier}
}
@article{kumar2020improved,
	title={Improved deep convolution neural network (CNN) for the identification of defects in the centrifugal pump using acoustic images},
	author={Kumar, Anil and Gandhi, CP and Zhou, Yuqing and Kumar, Rajesh and Xiang, Jiawei},
	journal={Applied Acoustics},
	volume={167},
	pages={107399},
	year={2020},
	publisher={Elsevier}
}
@inproceedings{zhu2019deformable,
	title={Deformable convnets v2: More deformable, better results},
	author={Zhu, Xizhou and Hu, Han and Lin, Stephen and Dai, Jifeng},
	booktitle={Proceedings of the IEEE/CVF conference on computer vision and pattern recognition},
	pages={9308--9316},
	year={2019}
}
@article{ZDGC202202020,
	author = {李霁蒲 and 黄如意 and 陈祝云 and 廖奕校 and 夏景演 and 李巍华},
	title = {一种用于主轴轴承故障诊断的深度卷积动态对抗迁移网络},
	journal = {振动工程学报},
	volume = {35},
	number = {02},
	pages = {446-453},
	year = {2022},
}
@article{JXXB201907002,
	author = {胡茑庆 and 陈徽鹏 and 程哲 and 张伦 and 张宇},
	title = {基于经验模态分解和深度卷积神经网络的行星齿轮箱故障诊断方法},
	journal = {机械工程学报},
	volume = {55},
	number = {07},
	pages = {9-18},
	year = {2019},
	issn = {0577-6686},
}